@inproceedings{novac2017comparative,
	title={Comparative study of Google Android, Apple iOS and Microsoft Windows Phone mobile operating systems},
	author={Novac, Ovidiu Constantin and Novac, Mihaela and Gordan, Cornelia and Berczes, Tamas and Bujdos{\'o}, Gy{\"o}ngyi},
	booktitle={Engineering of Modern Electric Systems (EMES), 2017 14th International Conference on},
	pages={154--159},
	year={2017},
	organization={IEEE},
	note = {[Accessed on 22/04/2018]}
}

@article{stallings2001operating,
	title={Operating Systems: Internals and Design Principles, Prentice Hall, 2000, ISBN 0-13-031999-6 It is available at WilliamStallings. com/OS4e. html},
	author={Stallings, William},
	year={2001},
	note = {[Accessed on 22/04/2018]}
}

@phdthesis{jonnalagadda1913android,
	title={Android application for library resource access},
	author={Jonnalagadda, Sirisha},
	year={1913},
	school={Sciences},
	note = {[Accessed on 22/04/2018]}
}

@article{maruping2009control,
	title={A control theory perspective on agile methodology use and changing user requirements},
	author={Maruping, Likoebe M and Venkatesh, Viswanath and Agarwal, Ritu},
	journal={Information Systems Research},
	volume={20},
	number={3},
	pages={377--399},
	year={2009},
	publisher={INFORMS},
	note = {[Accessed on 22/04/2018]}
}

@article{lee2005ability,
	title={The ability of information systems development project teams to respond to business and technology changes: a study of flexibility measures},
	author={Lee, Gwanhoo and Xia, Weidong},
	journal={European Journal of Information Systems},
	volume={14},
	number={1},
	pages={75--92},
	year={2005},
	publisher={Springer},
	note = {[Accessed on 22/04/2018]}
}

@article{fitzgerald2006customising,
	title={Customising agile methods to software practices at Intel Shannon},
	author={Fitzgerald, Brian and Hartnett, Gerard and Conboy, Kieran},
	journal={European Journal of Information Systems},
	volume={15},
	number={2},
	pages={200--213},
	year={2006},
	publisher={Springer},
	note = {[Accessed on 22/04/2018]}
}

@INPROCEEDINGS{6633925, 
	author={A. M. M. Hamed and H. Abushama}, 
	booktitle={2013 INTERNATIONAL CONFERENCE ON COMPUTING, ELECTRICAL AND ELECTRONIC ENGINEERING (ICCEEE)}, 
	title={Popular agile approaches in software development: Review and analysis}, 
	year={2013}, 
	volume={}, 
	number={}, 
	pages={160-166}, 
	keywords={DP industry;project management;small-to-medium enterprises;software prototyping;software quality;SME software companies;Sudan;agile approach;agile software development methodologies;plug & play engineering practices;quality assurance;quality products;small to medium enterprises;software industry;software project;Companies;Complexity theory;Contracts;Crystals;Industries;Software;Agile Methods;Crystal Methods;DSDM;Extreme Programming;Scrum;Software Development}, 
	doi={10.1109/ICCEEE.2013.6633925}, 
	ISSN={}, 
	month={Aug},
	note = {[Accessed on 22/04/2018]}}

@misc{ExtremeP63:online,
	author = {Andrew Powell-Morse},
	title = {Extreme Programming: What Is It And How Do You Use It?},
	howpublished = {\url{https://airbrake.io/blog/sdlc/extreme-programming}},
	month = {January},
	year = {2017},
	note = {[Accessed on 22/04/2018]}
}

@misc{FullComp27:online,
	author = {smartsheet},
	title = {Full Comparison: Agile vs Scrum vs Waterfall vs Kanban},
	howpublished = {\url{https://www.smartsheet.com/agile-vs-scrum-vs-waterfall-vs-kanban}},
	month = {},
	year = {2016},
	note = {[Accessed on 22/04/2018]}
}

@article{hollar2006cowboy,
	title={Cowboy: An agile programming methodology for a solo programmer},
	author={Hollar, Ashby Brooks},
	year={2006},
	note = {[Accessed on 04/22/2018]}
}

@article{kwon2016design,
	title={Andood – an Android application},
	author={Paweł Bedyński},
	year={2011},
	note = {[Accessed on 22/04/2018]}
}

@misc{WebHybri87:online,
	author = {mobiloud},
	title = {Web, Hybrid Or Native Apps? What's The Difference?},
	howpublished = {\url{https://www.mobiloud.com/blog/native-web-or-hybrid-apps/}},
	month = {},
	year = {no date},
	note = {[Accessed on 23/04/2018]}
}

@misc{WhatisJa96:online,
	author = {Techopedia},
	title = {What is Java Development Kit (JDK)? - Definition from Techopedia},
	howpublished = {\url{https://www.techopedia.com/definition/5594/java-development-kit-jdk}},
	month = {},
	year = {no date},
	note = {[Accessed on 23/04/2018]}
}

@article{mehdi2013timespan,
	title={Timespan-museum without walls mobile application},
	author={Mehdi, Mujtaba},
	journal={School of Computer Science, University of Glasgow},
	year={2013},
	note = {[Accessed on 22/04/2018]}
}

@misc{Whatisin36:online,
	author = {Margaret Rouse},
	title = {What is integrated development environment (IDE)? - Definition from WhatIs.com},
	howpublished = {\url{https://searchsoftwarequality.techtarget.com/definition/integrated-development-environment}},
	month = {June},
	year = {2016},
	note = {[Accessed on 23/04/2018]}
}

@misc{WhatisAP65:online,
	author = {Vangie Beal},
	title = {What is API - Application Program Interface? Webopedia},
	howpublished = {\url{https://www.webopedia.com/TERM/A/API.html}},
	month = {},
	year = {no date},
	note = {[Accessed on 23/04/2018]}
}

@misc{Applicat88:online,
	author = {Application Fundamentals},
	title = {Application Fundamentals | Android Developers},
	howpublished = {\url{https://developer.android.com/guide/components/fundamentals.html}},
	month = {},
	year = {no date},
	note = {[Accessed on 24/04/2018]}
}

@online{Monday,
	author = {R. Ngim},
	title = {Yale going paperless to save money time and trees, Monday Morning News, May 20, 2013, Volume 7, No. 19},
	year = {2013},
	howpublished = {\url{https://its.yale.edu/news/mmn/v7n19}},
	urldate = {2018-05-01},
	note = {[Accessed on 01/05/2018]}
}
@INPROCEEDINGS{7372076, 
	author={Y. Lin and D. Dig}, 
	booktitle={2015 30th IEEE/ACM International Conference on Automated Software Engineering (ASE)}, 
	title={Refactorings for Android Asynchronous Programming}, 
	year={2015}, 
	volume={}, 
	number={}, 
	pages={836-841}, 
	keywords={Android (operating system);smart phones;software maintenance;software tools;user interfaces;ASYNCDROID;Android AsyncTask;Android IntentService;Android asynchronous programming;I/O operations;UI event thread;async code;asynchronizer;compute-intensive operations;improperly-used AsyncTask;long-running operation encapsulation;memory leaks;refactoring tools;sequential code;smartphone apps;Androids;Graphical user interfaces;Humanoid robots;Instruction sets;Message systems;Programming;Safety;Android;Asynchronous;Refactoring}, 
	doi={10.1109/ASE.2015.100}, 
	ISSN={}, 
	month={Nov},
	note = {[Accessed on 22/04/2018]}}

@INPROCEEDINGS{7962358, 
	author={M. Rapoport and P. Suter and E. Wittern and O. Lhotak and J. Dolby}, 
	booktitle={2017 IEEE/ACM 14th International Conference on Mining Software Repositories (MSR)}, 
	title={Who You Gonna Call? Analyzing Web Requests in Android Applications}, 
	year={2017}, 
	volume={}, 
	number={}, 
	pages={80-90}, 
	keywords={Android (operating system);Internet;data privacy;meta data;mobile computing;program diagnostics;Android applications;Stringoid;URL strings;Web requests;battery life;constant extraction analysis;dynamic analysis;meta-data;mobile application development;mobile devices;privacy violations;remote functionalities;security violations;static analysis tool;ubiquitous Internet connectivity;user-generated content;Androids;Humanoid robots;Mobile applications;Mobile handsets;Protocols;Tools;Uniform resource locators;dynamic analysis;mobile applications;static analysis;web requests}, 
	doi={10.1109/MSR.2017.11}, 
	ISSN={}, 
	month={May},
	note = {[Accessed on 22/04/2018]}}

@INPROCEEDINGS{8229774, 
	author={G. Goyal and K. Singh and K. R. Ramkumar}, 
	booktitle={2017 International Conference on Computing, Communication and Automation (ICCCA)}, 
	title={A detailed analysis of data consistency concepts in data exchange formats (JSON XML)}, 
	year={2017}, 
	volume={}, 
	number={}, 
	pages={72-77}, 
	keywords={Java;XML;cryptography;data integrity;document handling;electronic data interchange;JSON documents;JavaScript Object Notation;XML;cryptographic one way hash function;data consistency concept analysis;data exchange;data integrity;data storage;message digest;payload delivery;text data;Automation;Encryption;Receivers;Standards;XML;Data Integrity;Hash Functions;JSON;Message Digest;XML}, 
	doi={10.1109/CCAA.2017.8229774}, 
	ISSN={}, 
	month={May},
	note = {[Accessed on 22/04/2018]}}

@INPROCEEDINGS{7890200, 
	author={Noprianto and B. Soewito and S. M. Isa and K. Iskandar and F. L. Gaol and R. Kosala}, 
	booktitle={2017 19th International Conference on Advanced Communication Technology (ICACT)}, 
	title={Server for SQLite database: Multithreaded HTTP server with synchronized database access and JSON data-interchange}, 
	year={2017}, 
	volume={}, 
	number={}, 
	pages={786-790}, 
	keywords={SQL;hypermedia;multi-threading;peer-to-peer computing;transport protocols;JSON data-interchange;SQLite database engine;file system sharing;multithreaded HTTP server;synchronized database access;Embedded database;HTTP server;concurrent programming;database server;multithreaded application}, 
	doi={10.23919/ICACT.2017.7890200}, 
	ISSN={}, 
	month={Feb},
	note = {[Accessed on 22/04/2018]}}

@misc{LearnHow75:online,
	author = {Learn How.....},
	title = {Learn How to Test Your Android Application?},
	howpublished = {\url{http://www.softwaretestingclass.com/learn-how-to-test-your-android-application/}},
	month = {},
	year = {no date},
	note = {[Accessed on 29/04/2018]}
}

@INPROCEEDINGS{7760717,
	author={M. Isaeva and H. Y. Yoon},
	booktitle={2016 15th International Conference on Information Technology Based Higher Education and Training (ITHET)},
	title={Paperless university x2014; How we can make it work?},
	year={2016},
	volume={},
	number={},
	pages={1-8},
	keywords={Web services;document handling;educational administrative data processing;educational institutions;mobile computing;pattern classification;personnel;E-government system;Ministry of Higher and Secondary Special Education;Republic of Uzbekistan;TUIT;Tashkent university of IT;administration processes;administration staffs;document classification;document digitalization;e-documents;educational processes;mobile applications;paperless campus;paperless university;university management information system;Documentation;Education;Management information systems;Organizations;Resource management;Software;Information system;e-documents;e-forms;learning management;university administration},
	doi={10.1109/ITHET.2016.7760717},
	ISSN={},
	month={Sept},
	note = {[Accessed on 01/05/2018]}}

@inproceedings{Houston:1997:PP:266064.266111,
	author = {Houston, David},
	title = {Is Paperless Painless?},
	booktitle = {Proceedings of the 25th Annual ACM SIGUCCS Conference on User Services: Are You Ready?},
	series = {SIGUCCS '97},
	year = {1997},
	isbn = {0-89791-990-4},
	location = {Monterey, California, USA},
	pages = {141--145},
	numpages = {5},
	url = {http://doi.acm.org/10.1145/266064.266111},
	doi = {10.1145/266064.266111},
	acmid = {266111},
	publisher = {ACM},
	address = {New York, NY, USA},
	note = {[Accessed on 01/05/2018]}
} 

@inproceedings{yusoff2001paperless,
	title={Paperless in the electronic era: millennium dream and reality},
	author={Yusoff, Azmi Mohd and Sidhu, Manjit Singh},
	booktitle={Computer Supported Cooperative Work in Design, The Sixth International Conference on, 2001},
	pages={536--541},
	year={2001},
	organization={IEEE},
	note = {[Accessed on 01/05/2018]}
}


@article{deci2008self,
	title={Self-determination theory: A macrotheory of human motivation, development, and health.},
	author={Deci, Edward L and Ryan, Richard M},
	journal={Canadian psychology/Psychologie canadienne},
	volume={49},
	number={3},
	pages={182},
	year={2008},
	publisher={Educational Publishing Foundation},
	note = {[Accessed on 05/05/2018]}
}

@inproceedings{deterding2011gamification,
	title={Gamification. using game-design elements in non-gaming contexts},
	author={Deterding, Sebastian and Sicart, Miguel and Nacke, Lennart and O'Hara, Kenton and Dixon, Dan},
	booktitle={CHI'11 extended abstracts on human factors in computing systems},
	pages={2425--2428},
	year={2011},
	organization={ACM},
	note = {[Accessed on 05/05/2018]}
}

@inproceedings{uskov2014gamification,
	title={Gamification of software engineering curriculum},
	author={Uskov, Vladimir and Sekar, Bhuvana},
	booktitle={Frontiers in Education Conference (FIE), 2014 IEEE},
	pages={1--8},
	year={2014},
	organization={IEEE},
	note = {[Accessed on 05/05/2018]}
}

@article{kaplan2010users,
	title={Users of the world, unite! The challenges and opportunities of Social Media},
	author={Kaplan, Andreas M and Haenlein, Michael},
	journal={Business horizons},
	volume={53},
	number={1},
	pages={59--68},
	year={2010},
	publisher={Elsevier},
	note = {[Accessed on 05/05/2018]}
}

@inproceedings{hamari2014does,
	title={Does gamification work?--a literature review of empirical studies on gamification},
	author={Hamari, Juho and Koivisto, Jonna and Sarsa, Harri},
	booktitle={System Sciences (HICSS), 2014 47th Hawaii International Conference on},
	pages={3025--3034},
	year={2014},
	organization={IEEE},
	note = {[Accessed on 05/05/2018]}
}
@article{hanus2015assessing,
	title={Assessing the effects of gamification in the classroom: A longitudinal study on intrinsic motivation, social comparison, satisfaction, effort, and academic performance},
	author={Hanus, Michael D and Fox, Jesse},
	journal={Computers \& Education},
	volume={80},
	pages={152--161},
	year={2015},
	publisher={Elsevier},
	note = {[Accessed on 05/05/2018]}
}

@INPROCEEDINGS{8167118,
	author={M. B. Sitorus and R. Ferdiana and T. B. Adji},
	booktitle={2017 International Conference on Electrical Engineering and Computer Science (ICECOS)},
	title={Designing gamification framework to support social media application based on game elements and cutting-edge technology},
	year={2017},
	volume={},
	number={},
	pages={125-130},
	keywords={computer games;social networking (online);cutting-edge technology;game elements;gamification products;generic gamification framework;global market;simple gamification framework;social media application;Computer science;Education;Electrical engineering;Games;Social network services;game elements;gamification;social media;technology},
	doi={10.1109/ICECOS.2017.8167118},
	ISSN={},
	month={Aug},
	note = {[Accessed on 05/05/2018]}}


@INPROCEEDINGS{8166715,
	author={M. R. d. A. Souza and K. F. Constantino and L. F. Veado and E. M. L. Figueiredo},
	booktitle={2017 IEEE 30th Conference on Software Engineering Education and Training (CSEE T)},
	title={Gamification in Software Engineering Education: An Empirical Study},
	year={2017},
	volume={},
	number={},
	pages={276-284},
	keywords={computer aided instruction;computer games;computer science education;educational courses;social aspects of automation;software engineering;Software Engineering education;badges;game principles;game-design elements;gamification;introductory Software Engineering course;leaderboards;nongame contexts;student perception;Computer science;Education;Games;Interviews;Software;Software engineering;Gamification;Software Engineering Education},
	doi={10.1109/CSEET.2017.51},
	ISSN={},
	month={Nov},
	note = {[Accessed on 05/05/2018]}}

@INPROCEEDINGS{8190501,
	author={B. R. Maxim and S. Brunvand and A. Decker},
	booktitle={2017 IEEE Frontiers in Education Conference (FIE)},
	title={Use of role-play and gamification in a software project course},
	year={2017},
	volume={},
	number={},
	pages={1-5},
	keywords={computer aided instruction;computer games;computer science education;educational courses;engineering education;software engineering;advanced undergraduate game design course;course participation;engineering profession;engineering programs;gamification framework;industry-based capstone courses;internships;professional game development studio;soft skills;software process steps;software project course;student feedback;team role-play activities;Companies;Games;Prototypes;Software;Software engineering;Tools;game design;gamification;role-play;soft skills},
	doi={10.1109/FIE.2017.8190501},
	ISSN={},
	month={Oct},
	note = {[Accessed on 05/05/2018]}}


@INPROCEEDINGS{8259668,
	author={I. Araújo and A. A. Carvalho},
	booktitle={2017 International Symposium on Computers in Education (SIIE)},
	title={Empowering teachers to apply gamification},
	year={2017},
	volume={},
	number={},
	pages={1-5},
	keywords={computer aided instruction;computer games;human factors;teacher training;teaching;digital tools;educational context;gamification;student motivation;teachers training;Games;Mobile handsets;Planning;Tools;Training;Digital tools;Gamification;Octalysis Framework;Teachers Training},
	doi={10.1109/SIIE.2017.8259668},
	ISSN={},
	month={Nov},
	note = {[Accessed on 05/05/2018]}}

@inproceedings{Ziesemer:2013:GAU:2577101.2577164,
	author = {Ziesemer, Angelina and M\"{u}ller, Luana and Silveira, Milene},
	title = {Gamification Aware: Users Perception About Game Elements on Non-game Context},
	booktitle = {Proceedings of the 12th Brazilian Symposium on Human Factors in Computing Systems},
	series = {IHC '13},
	year = {2013},
	isbn = {978-85-7669-278-2},
	location = {Manaus, Brazil},
	pages = {276--279},
	numpages = {4},
	url = {http://dl.acm.org.libezproxy.bournemouth.ac.uk/citation.cfm?id=2577101.2577164},
	acmid = {2577164},
	publisher = {Brazilian Computer Society},
	address = {Porto Alegre, Brazil, Brazil},
	keywords = {gamification, interaction, social network},
	note = {[Accessed on 05/05/2018]}
} 

@INPROCEEDINGS{8256687, 
	author={K. D'silva and J. Vanajakshi and K. N. Manjunath and S. Prabhu}, 
	booktitle={2017 2nd IEEE International Conference on Recent Trends in Electronics, Information Communication Technology (RTEICT)}, 
	title={An effective method for preventing SQL injection attack and session hijacking}, 
	year={2017}, 
	volume={}, 
	number={}, 
	pages={697-701}, 
	keywords={Internet;SQL;computer crime;SQL injection attack;Structured Query Language;hashing technique;security;session hijacking attack;session/HTTP cookies;web application sessions;Authentication;Computer science;Data mining;Databases;Servers;HTTPCookies;SHA-1;SQLIA (SQL injection attack);Session Hijacking}, 
	doi={10.1109/RTEICT.2017.8256687}, 
	ISSN={}, 
	month={May},
	note = {[Accessed on 05/05/2018]}}

@article{rohilla2013database,
	title={Database Security: Threats and Challenges},
	author={Rohilla, Shelly and Mittal, Pradeep Kumar},
	journal={International Journal of Advanced Research in Computer Science and Software Engineering},
	volume={3},
	number={5},
	year={2013}
	,
	note = {[Accessed on 06/05/2018]}
}

@article{malik2016database,
	title={Database security-attacks and control methods},
	author={Malik, Mubina and Patel, Trisha},
	journal={International Journal of Information Sciences and Techniques (IJIST)},
	volume={6},
	number={1/2},
	year={2016}	,
	note = {[Accessed on 07/05/2018]}
}

